@misc{ourcodingclubGettingStarted,
	author = {John},
	title = {{G}etting {S}tarted with {R} {M}arkdown --- ourcodingclub.github.io},
	howpublished = {\url{https://ourcodingclub.github.io/tutorials/rmarkdown/}},
	year = {2016},
	note = {[Accessed 25-May-2023]},
}